option "title" "CarryLoss.txt"
option "operating_currency" "GBP"
1970-01-01 open Assets:Stocks                                    "FIFO"

1970-01-01 open Assets:Cash                                      "FIFO"

1970-01-01 open Income:Dividends                                 "FIFO"

1970-01-01 open Income:Capital                                   "FIFO"

1970-01-01 open Expenses:Fees                                    "FIFO"

1970-01-01 open Equity:ERI                                       "FIFO"

1970-01-01 open Income:ERI                                       "FIFO"

1970-01-01 custom "uk-tax-config" "ignored-currencies" "GBP"

1970-01-01 commodity GB00B41YBW71

1970-01-01 commodity GBP

2010-01-01 custom "fava-extension" "beancount_plugin_tax_uk.fava_extension" "{}"

2010-01-01 custom "uk-tax-config" "commission-account" "Expenses:Fees"

2018-01-01 * "Buy GB00B41YBW71" #buy
  Assets:Stocks      1 GB00B41YBW71 {1000 GBP}
  Assets:Cash    -1000 GBP

2018-01-01 * "Sell GB00B41YBW71" #sell
  Assets:Stocks   -1 GB00B41YBW71 {} @ 0 GBP
  Assets:Cash      0 GBP
  Income:Capital

2019-01-01 * "Buy GB00B41YBW71" #buy
  Assets:Stocks      1 GB00B41YBW71 {1000 GBP}
  Assets:Cash    -1000 GBP

2019-01-01 * "Sell GB00B41YBW71" #sell
  Assets:Stocks     -1 GB00B41YBW71 {} @ 2000 GBP
  Assets:Cash     2000 GBP
  Income:Capital

2020-01-01 * "Buy GB00B41YBW71" #buy
  Assets:Stocks      1 GB00B41YBW71 {1000 GBP}
  Assets:Cash    -1000 GBP

2020-01-01 * "Sell GB00B41YBW71" #sell
  Assets:Stocks      -1 GB00B41YBW71 {} @ 20000 GBP
  Assets:Cash     20000 GBP
  Income:Capital
