option "title" "SameDayMergeInterleaved.txt"
option "operating_currency" "GBP"
1970-01-01 open Assets:Stocks                                    "FIFO"

1970-01-01 open Assets:Cash                                      "FIFO"

1970-01-01 open Income:Dividends                                 "FIFO"

1970-01-01 open Income:Capital                                   "FIFO"

1970-01-01 open Expenses:Fees                                    "FIFO"

1970-01-01 open Equity:ERI                                       "FIFO"

1970-01-01 open Income:ERI                                       "FIFO"

1970-01-01 custom "uk-tax-config" "ignored-currencies" "GBP"

1970-01-01 commodity GB00B41YBW71

1970-01-01 commodity GBP

2010-01-01 custom "fava-extension" "beancount_plugin_tax_uk.fava_extension" "{}"

2010-01-01 custom "uk-tax-config" "commission-account" "Expenses:Fees"

2018-08-28 * "Buy GB00B41YBW71" #buy
  Assets:Stocks     10 GB00B41YBW71 {5 GBP}
  Assets:Cash    -62.5 GBP
  Expenses:Fees   12.5 GBP

2018-08-28 * "Buy GB00B41YBW71" #buy
  Assets:Stocks    10 GB00B41YBW71 {10 GBP}
  Assets:Cash    -102 GBP
  Expenses:Fees     2 GBP

2018-08-28 * "Buy GB00B41YBW71" #buy
  Assets:Stocks   10 GB00B41YBW71 {8 GBP}
  Assets:Cash    -82 GBP
  Expenses:Fees    2 GBP

2018-10-28 * "Sell GB00B41YBW71" #sell
  Assets:Stocks   -10 GB00B41YBW71 {} @ 9 GBP
  Assets:Cash      88 GBP
  Income:Capital
  Expenses:Fees     2 GBP

2018-10-28 * "Sell GB00B41YBW71" #sell
  Assets:Stocks    -10 GB00B41YBW71 {} @ 7 GBP
  Assets:Cash     57.5 GBP
  Income:Capital
  Expenses:Fees   12.5 GBP
